<?xml version="1.0" encoding="UTF-8"?><collection xmlns="http://www.loc.gov/MARC21/slim"><record><leader>00455nam--2200169-i-4500</leader><controlfield tag="001">000043255</controlfield><controlfield tag="002">20161230</controlfield><controlfield tag="005">20161230201043</controlfield><controlfield tag="008">060222s1000------------r-----000-0-eng-d</controlfield><datafield ind1=" " ind2=" " tag="040"><subfield code="a">IFIN-HH</subfield></datafield><datafield ind1=" " ind2=" " tag="080"><subfield code="a">535.33</subfield></datafield><datafield ind1="1" ind2=" " tag="100"><subfield code="a">Krupenie, Paul H</subfield></datafield><datafield ind1="1" ind2="0" tag="245"><subfield code="a">The band spectrum of carbon monoxide</subfield><subfield code="c">Paul h. krupenie</subfield></datafield><datafield ind1=" " ind2=" " tag="260"><subfield code="a">Washington</subfield><subfield code="b">The National Bureau Of Standards</subfield><subfield code="c">1966</subfield></datafield><datafield ind1=" " ind2=" " tag="300"><subfield code="a">87p</subfield></datafield><datafield ind1=" " ind2=" " tag="852"><subfield code="a">33687</subfield><subfield code="c">535.33</subfield></datafield><datafield ind1=" " ind2=" " tag="CAT"><subfield code="a">Sys</subfield><subfield code="c">20101203</subfield><subfield code="h">131855</subfield></datafield></record></collection>